@inproceedings{6524743,
  title = {{{SVM}} Kernel Functions for Classification},
  booktitle = {2013 International Conference on Advances in Technology and Engineering ({{ICATE}})},
  author = {Patle, Arti and Chouhan, Deepak Singh},
  date = {2013},
  pages = {1--9},
  doi = {10.1109/ICAdTE.2013.6524743},
  keywords = {Accuracy,Data mining,feature,Kernel,Mathematical model,Polynomials,radial basis function,support vector,Support vector machines,Training}
}
